@book{PCI,
  title={Programming collective intelligence: building smart web 2.0 applications},
  author={Segaran, Toby},
  year={2007},
  publisher={" O'Reilly Media, Inc."}
}

@inproceedings{mataric1993designing,
  title={Designing emergent behaviors: From local interactions to collective intelligence},
  author={Mataric, Maja J},
  booktitle={Proceedings of the Second International Conference on Simulation of Adaptive Behavior},
  pages={432--441},
  year={1993}
}

@misc{Rplots,
  title={Exploratory Data Analysis: Combining Histograms and Density Plots to Examine the Distribution of the Ozone Pollution Data from New York in R},
  author={ Eric Cai - The Chemical Statistician},
  howpublished = "\url{http://www.r-bloggers.com/exploratory-data-analysis-combining-histograms-and-density-plots-to-examine-the-distribution-of-the-ozone-pollution-data-from-new-york-in-r/}"
}


